<?xml version="1.0" encoding="UTF-8"?><record xmlns="http://www.loc.gov/MARC21/slim" xmlns:zs="http://docs.oasis-open.org/ns/search-ws/sruResponse">
  <leader>01348cam a22003971a 4500</leader>
  <controlfield tag="001">9617375</controlfield>
  <controlfield tag="005">20230201165451.0</controlfield>
  <controlfield tag="008">940729s1851    nyu           000 0 eng  </controlfield>
  <datafield ind1=" " ind2=" " tag="906">
    <subfield code="a">7</subfield>
    <subfield code="b">cbc</subfield>
    <subfield code="c">oclcrpl</subfield>
    <subfield code="d">u</subfield>
    <subfield code="e">ncip</subfield>
    <subfield code="f">19</subfield>
    <subfield code="g">y-gencatlg</subfield>
  </datafield>
  <datafield ind1=" " ind2=" " tag="010">
    <subfield code="a">   07017953 </subfield>
  </datafield>
  <datafield ind1=" " ind2=" " tag="035">
    <subfield code="9">(DLC)   07017953</subfield>
  </datafield>
  <datafield ind1=" " ind2=" " tag="035">
    <subfield code="a">(OCoLC)30847311</subfield>
  </datafield>
  <datafield ind1=" " ind2=" " tag="040">
    <subfield code="a">DLC</subfield>
    <subfield code="b">eng</subfield>
    <subfield code="c">TxDW</subfield>
    <subfield code="d">OKentU</subfield>
    <subfield code="d">WU</subfield>
    <subfield code="d">PU</subfield>
    <subfield code="d">DLC</subfield>
  </datafield>
  <datafield ind1="0" ind2="0" tag="050">
    <subfield code="a">PS2384</subfield>
    <subfield code="b">.M6 1851</subfield>
  </datafield>
  <datafield ind1="1" ind2=" " tag="100">
    <subfield code="a">Melville, Herman,</subfield>
    <subfield code="d">1819-1891.</subfield>
  </datafield>
  <datafield ind1="1" ind2="0" tag="240">
    <subfield code="a">Moby Dick</subfield>
  </datafield>
  <datafield ind1="1" ind2="0" tag="245">
    <subfield code="a">Moby-Dick :</subfield>
    <subfield code="b">or, The whale /</subfield>
    <subfield code="c">by Herman Melville ...</subfield>
  </datafield>
  <datafield ind1="3" ind2="0" tag="246">
    <subfield code="a">Moby-Dick</subfield>
  </datafield>
  <datafield ind1="3" ind2="0" tag="246">
    <subfield code="a">Whale</subfield>
  </datafield>
  <datafield ind1=" " ind2=" " tag="260">
    <subfield code="a">New York :</subfield>
    <subfield code="b">Harper &amp; Brothers ;</subfield>
    <subfield code="a">London :</subfield>
    <subfield code="b">Richard Bentley,</subfield>
    <subfield code="c">1851.</subfield>
  </datafield>
  <datafield ind1=" " ind2=" " tag="300">
    <subfield code="a">xxiii, 634 p., 1 l. ;</subfield>
    <subfield code="c">19 cm.</subfield>
  </datafield>
  <datafield ind1="1" ind2="0" tag="600">
    <subfield code="a">Ahab,</subfield>
    <subfield code="c">Captain (Fictitious character)</subfield>
    <subfield code="v">Fiction.</subfield>
  </datafield>
  <datafield ind1=" " ind2="0" tag="650">
    <subfield code="a">Whaling ships</subfield>
    <subfield code="v">Fiction.</subfield>
  </datafield>
  <datafield ind1=" " ind2="0" tag="650">
    <subfield code="a">Ship captains</subfield>
    <subfield code="v">Fiction.</subfield>
  </datafield>
  <datafield ind1=" " ind2="0" tag="650">
    <subfield code="a">Mentally ill</subfield>
    <subfield code="v">Fiction.</subfield>
  </datafield>
  <datafield ind1=" " ind2="0" tag="650">
    <subfield code="a">Whaling</subfield>
    <subfield code="v">Fiction.</subfield>
  </datafield>
  <datafield ind1=" " ind2="0" tag="650">
    <subfield code="a">Whales</subfield>
    <subfield code="v">Fiction.</subfield>
  </datafield>
  <datafield ind1=" " ind2="7" tag="655">
    <subfield code="a">Psychological fiction.</subfield>
    <subfield code="2">lcsh</subfield>
  </datafield>
  <datafield ind1=" " ind2="7" tag="655">
    <subfield code="a">Adventure stories.</subfield>
    <subfield code="2">gsafd</subfield>
  </datafield>
  <datafield ind1=" " ind2="7" tag="655">
    <subfield code="a">Sea stories.</subfield>
    <subfield code="2">gsafd</subfield>
  </datafield>
  <datafield ind1="2" ind2=" " tag="710">
    <subfield code="a">Oliver Wendell Holmes Collection (Library of Congress)</subfield>
    <subfield code="5">DLC</subfield>
  </datafield>
  <datafield ind1=" " ind2=" " tag="952">
    <subfield code="a">LAC nsk 2020-02-20 update (1 card)</subfield>
  </datafield>
  <datafield ind1=" " ind2=" " tag="984">
    <subfield code="a">rsl</subfield>
    <subfield code="d">2020-02-20</subfield>
  </datafield>
  <datafield ind1=" " ind2=" " tag="985">
    <subfield code="a">rblacfederal</subfield>
    <subfield code="d">20200220</subfield>
  </datafield>
  <datafield ind1=" " ind2=" " tag="985">
    <subfield code="e">OCLC REPLACEMENT</subfield>
  </datafield>
  <datafield ind1=" " ind2=" " tag="991">
    <subfield code="b">c-RareBook</subfield>
    <subfield code="h">PS2384</subfield>
    <subfield code="i">.M6 1851</subfield>
    <subfield code="t">Copy 1</subfield>
    <subfield code="w">OCLCREP</subfield>
  </datafield>
</record>
